<?xml version="1.0" encoding="UTF-8"?><collection xmlns="http://www.loc.gov/MARC21/slim"><record><leader>00514nam--2200157-i-4500</leader><controlfield tag="001">000019833</controlfield><controlfield tag="002">20161230</controlfield><controlfield tag="005">20170304212336</controlfield><controlfield tag="008">060222s1000------------r-----000-0-eng-d</controlfield><datafield ind1=" " ind2=" " tag="080"><subfield code="a">543.544=03.30=20</subfield></datafield><datafield ind1=" " ind2=" " tag="100"><subfield code="a">Engelhardt, Heinz</subfield></datafield><datafield ind1=" " ind2=" " tag="245"><subfield code="a">High performance liquid chromatography. Chemical laboratory practice. Translated from the german by George Gutnikov. With 73 figures and 13 tables</subfield></datafield><datafield ind1=" " ind2=" " tag="260"><subfield code="a">Berlin</subfield><subfield code="b">Springer- Verlag</subfield><subfield code="c">1979</subfield></datafield><datafield ind1=" " ind2=" " tag="300"><subfield code="a">XII + 248 p</subfield></datafield><datafield ind1=" " ind2=" " tag="852"><subfield code="a">47888</subfield></datafield><datafield ind1=" " ind2=" " tag="CAT"><subfield code="a">SYS</subfield><subfield code="c">20170304</subfield><subfield code="h">212336</subfield></datafield></record></collection>